@article{Knuth92,
    author = "D.E. Knuth",
    title = "Two notes on notation",
    journal = "Amer. Math. Monthly",
    volume = "99",
    year = "1992",
    pages = "403--422",
}
